@book{tanenbaum,
  title={Verteilte Systeme: Grundlagen und Paradigmen},
  author={Tanenbaum, Andrew S and van Steen, Maarten},
  volume={1},
  year={2003},
  publisher={Pearson Studium}
}

